<?xml version="1.0" encoding="UTF-8"?><collection xmlns="http://www.loc.gov/MARC21/slim"><record><leader>00413nam--2200133-i-4500</leader><controlfield tag="001">000005069</controlfield><controlfield tag="002">20161230</controlfield><controlfield tag="005">20161230201026</controlfield><controlfield tag="008">060222s1000------------r-----000-0-eng-d</controlfield><datafield ind1=" " ind2=" " tag="100"><subfield code="a">Asimow. Morris</subfield></datafield><datafield ind1=" " ind2=" " tag="245"><subfield code="a">An investigation of the plastic-flow proceses involved in drawing cylindrical shells from flat, cir cular blanks</subfield></datafield><datafield ind1=" " ind2=" " tag="260"><subfield code="a">Berkeley, Univ. Of Calif. Press, 1936 /-235-293</subfield></datafield><datafield ind1=" " ind2=" " tag="490"><subfield code="a">5</subfield></datafield><datafield ind1=" " ind2=" " tag="852"><subfield code="a">15525</subfield></datafield></record></collection>